@article{
	ColorPicker,
	author = "Peter Dematté",
	title = "ColorPicker v1.0",
	note = "\newline\url{http://www.dematte.at/colorPicker/}"
}

@article{
	WebSockets,
	author = "Mozilla Developper Network",
	title = "WebSockets API",
	note = "\newline\url{https://developer.mozilla.org/en-US/docs/Web/API/WebSockets_API}"
}

@article{
	Symfony,
	author = "Wikipédia",
	title = "Symfony",
	note = "\newline\url{https://fr.wikipedia.org/wiki/Symfony}"
}


@article{
	NodeJS,
	author = "Wikipédia",
	title = "NodeJS",
	note = "\newline\url{https://fr.wikipedia.org/wiki/Node.js}"
}
